1.	@techreport{Construction-and-design-of-involute-gears1,
    author = {TecScience},
    title = {Construction and design of involute gears},
    institution = {Tech Science},
    url = {https://www.tec-science. com/mechanical-power-transmission/involute-gear/ geometry-of-involute-gears/},
    year = {2021a, March 16},
    note = {www.tec-science. com/mechanical-power-transmission/involute-gear/ geometry-of-involute-gears/(Accessed on October 31, 2024)},
}

2.  @book{colbourne2012geometry2,
  title={The geometry of involute gears},
  author={Colbourne, John R},
  year={2012},
  publisher={Springer Science \& Business Media}
}

3.	@online{KhkGearsABC'sofGear3,
    title = {Basic Guide B - Gear Profile Shift},
    howpublished = {\url{www.khkgears.net}},
    note = {www.khkgears.net/(Accessed on April 20, 2024)},
}

}

4.	@online{Engaging-of-involute-gears-meshing4,
    title = {Engaging of Involute Gears (Meshing)},
    organization = {TecScience},
    url = {https://www.tec-science.com/mechanical-power-transmission/involute-gear/meshing-line-action-contact-pitch-circle-law/},
    year = {2021},
    note = {https://www.tec-science.com/mechanical-power-transmission/involute-gear/meshing-line-action-contact-pitch-circle-law/(Accessed on April 7, 2024)},
}


5. @techreport {Profileshift-of-Involute-Gears5, 
    title = {Profile Shift of Involute Gears},
    url = {https://www.tec-science.com/mechanical-power-transmission/involute-gear/undercut/},
    year = {2018},
    note = {https://www.tec-science.com/mechanical-power-transmission/involute-gear/undercut/,Accessed on April 12, 2024},
}


6. @techreport{Calculation-of-involute-gears-6,
    title = {Calculation of Involute Gear},
    organization = {TecScience},
    url = {https://www.tec-science.com/mechanical-power-transmission/involute-gear/meshing-line-action-contact-pitch-circle-law/},
    year = {2021},
    note = {https://www.tec-science.com/mechanical-power-transmission/involute-gear/calculation-of-involute-gears//(Accessed on April 3, 2024)}
}


7.	@inproceedings{mallesh2009effect7,
  title={Effect of tooth profile modification in asymmetric spur gear tooth bending stress by finite element analysis},
  author={Mallesh, G and Math, VB and Ashwij, Prabodh Sai Dutt R and Shanbhag, Rajendra},
  booktitle={14th National Conference on Machines and Mechanisms (NaCoMM09), NIT, Durgapur, India},
  pages={17--18},
  year={2009}
}

8.	@techreport{GearTerminology8,
    author = {Manufast},
    title = {Gear Terminology},
    url = {https://www.linkedin.com/pulse/gear-terminology-manufastindia/},
    year = {2022},
    note = {2022 December 06, https://www.linkedin.com/pulse/gear-terminology-manufastindia/},
}

9.	@book{budynas2011shigley9,
  title={Shigley's mechanical engineering design},
  author={Budynas, Richard Gordon and Nisbett, J Keith and others},
  volume={9},
  year={2011},
  publisher={McGraw-Hill New York}
}

10. @techreport {ChadGlinsky10,
    author = {Chad Glinsky},
    title = {Geometry/Involute},
    url = {https://www.drivetrainhub.com/notebooks/gears/geometry/Chapter%201%20-%20Involute.html},
    year = {2020},
note = {www.drivetrainhub.com/notebooks/gears/geometry/Chapter%201%20-%20Involute.html (2020), Chad Glinsky}
}


11.@techreport{Learnengineering-Gear-Types-11,
    author = {Learn Engineering},
    title = {Gear Types, Definition, Terms Used, And the Law of Gearing},
    url = {https://www.learnengineering.net/gear-types-definition-terms-used-and-the-law-of-gearing/},
    note = {Gear Types, Definition, Terms Used, And the Law of Gearing},
}

}	


12.@incollection{KhkGearsProfileShiftCoefficient-12,
    author = {KhkGears},
    title = {Profile shift coefficient â€“ Gear Terminology},
    Site = {https://khkgears.net/new/gear_knowledge/gear-nomenclature/profile-shift-coefficient.html},
}
13. @techreport{Calculation-of-involute-gears-13,
    title = {Engaging of Involute Gears (Meshing)},
    organization = {TecScience},
    url = {https://www.tec-science.com/mechanical-power-transmission/involute-gear/meshing-line-action-contact-pitch-circle-law/},
    year = {2021},
    note = {https://www.tec-science.com/mechanical-power-transmission/involute-gear/calculation-of-involute-gears//(Accessed on April 3, 2024)}
}
14. @article{MilleniumOutlook14,
  title={Profile shift },
  author={Robert Errichello},
  journal={Gear technology Magazine},
  site={https://www.geartechnology.com/articles/30410-profile-shift}
}